@book{book:reti,
    author  = {A. S. Tanenbaum,  D.J. Wetherall},
    title   = {Reti di calcolatori, quinta edizione},
    publisher = {Pearson},
    year    = {2011}
}

@book{book:db,
author = {P. Atzeni, S. Ceri \&  P. Fraternali \& S. Paraboschi \& R. Torlone},
title = {Basi di dati, quarta edizione},
publisher = {Mc Graw Hill Education},
year = {2014}
}

@online{site:visualstudio,
    title   = {Microsoft Visual Studio},
    url     = {https://it.wikipedia.org/wiki/Microsoft_Visual_Studio}
}

@online{site:csharp,
title = {C Sharp},
url = {https://it.wikipedia.org/wiki/C_sharp}
}

@online{site:VFoxProm,
title = {Visual FoxPro},
url = {https://msdn.microsoft.com/en-us/library/mt490117.aspx}
}

@online{site:licenze,
title = {Licenze Software},
url = {https://www.microsoft.com/it-it/softwareoriginale/guida_partner/licenze/uno.aspx}
}

@online{site:webservice,
title = {Web Service},
url = {https://www.w3.org/TR/ws-arch/}
}

@online{site:w3c,
title = {W3C},
url = {https://www.w3.org/}
}

@online{site:xmlschema,
title = {XML Schema},
url = {https://www.w3schools.com/xml/schema_intro.asp}
}

